%%%---------------------------------BOOKS-------------------------%%%

@Book{Volterra1931,
author={Volterra, Vito
and Brelot, M.},
title={Leçons sur la théorie mathématique de la lutte pour la vie},
year={1931},
publisher={Gauthier-Villars et cie. Paris},
address={Paris},
language={fre}
}



%%%---------------------------------ARTICLES/THESIS-------------------------%%%

@PhdThesis{10.25365/thesis.45530,
author={Dzijan Markovic, Ankica},
title={Matrix stability concepts for the Lotka-Voltera model},
year={2017},
address={Wien},
pages={60 Seiten},
keywords={Lotka-Volterra model / Volterra-Ljapunov stability / VL-stability / diagonal stability / total stability / D-stability / P-matrix; Lotka-Volterra Modell / Volterra-Ljapunov Stabilit{\"a}t / VL-Stabilit{\"a}t / Diagonale Stabilit{\"a}t / Totale Stabilit{\"a}t / D-Stabilit{\"a}t / P-Matrix},
abstract={Im Gebiet der Angewandten Mathematik, speziell in der Mathematischen {\"O}kologie, ist ein Modell von besonderer Bedeutung, n{\"a}mlich das Lotka-Volterra Modell. Um Einblicke in die Dynamik einer biologischen Gemeinschaft von n interagierenden Spezies zu erhalten, k{\"o}nnen wir die asymptotische Stabilit{\"a}t von Fixpunkten des linearisierten Systems untersuchen. Ein anderer Zugang um ein solches System mit Wechselwirkungen innerhalb derselben Spezies und zwischen verschiedenen Spezies, zu untersuchen, ist es, Aussagen {\"u}ber die Stabilit{\"a}t aufgrund der blo{\ss}en Matrixeintr{\"a}ge machen zu k{\"o}nnen. Im ersten Kapitel ist eine kurze Einf{\"u}hrung von fundamentalen Definitionen und S{\"a}tzen aus dem Gebiet der Differentialgleichungen zu finden. In den Kapiteln zwei und drei wiederholen wir die Stabilit{\"a}t von Fixpunkten. In Kapitel vier wird das Lotka-Volterra Modell vorgestellt und das zweidimensionale Konkurrenz Modell untersucht. In Kapitel f{\"u}nf werden die Matrixstabilit{\"a}tskonzepte VL-Stabilit{\"a}t, totale Stabilit...},
doi={10.25365/thesis.45530},
url={https://doi.org/10.25365/thesis.45530}
}

@article{stability_2d_predator_prey_model,
   title={Harmonic Oscillators of Mathematical Biology: Many Faces of a Predator-Prey Model},
   volume={95},
   ISSN={1930-0980},
   url={http://dx.doi.org/10.1080/0025570X.2022.2055424},
   DOI={10.1080/0025570x.2022.2055424},
   number={3},
   journal={Mathematics Magazine},
   publisher={Informa UK Limited},
   author={Koshkin, Sergiy and Meyers, Isaiah},
   year={2022},
   month=apr, pages={172–187} }

@article{predatorpreymodel,
author = {Anisiu, Mira-Cristiana},
year = {2014},
month = {01},
pages = {9-17},
title = {Lotka, Volterra and their model},
volume = {32},
journal = {Didactica Mathematica}
}

@article{theoryvsempiry,
 ISSN = {00664162},
 URL = {http://www.jstor.org/stable/2096748},
 author = {Peter J. Wangersky},
 journal = {Annual Review of Ecology and Systematics},
 pages = {189--218},
 publisher = {Annual Reviews},
 title = {Lotka-Volterra Population Models},
 urldate = {2023-11-28},
 volume = {9},
 year = {1978}
}

@misc{pesticide_paradox,
      title={On the paradox of pesticides}, 
      author={Y. Charles Li and Yipeng Yang},
      year={2013},
      eprint={1303.2681},
      archivePrefix={arXiv},
      primaryClass={q-bio.PE}
}

@article{gauses_law2,
author = {Li, Shiqin and Yi, Wenjuan and Chen, Siyi and Wang, Chengshu},
title = {Empirical Support for the Pattern of Competitive Exclusion between Insect Parasitic Fungi},
journal = {Journal of Fungi},
volume = {7},
year = {2021},
number = {5},
url = {https://www.mdpi.com/2309-608X/7/5/385},
issn = {2309-608X},
doi = {10.3390/jof7050385}
}

@article{gauses_law,
author = {Urban, Judith},
year = {2009},
month = {09},
pages = {69-83},
title = {Competitive exclusion},
volume = {28},
journal = {Politics and the life sciences : the journal of the Association for Politics and the Life Sciences},
doi = {10.2990/28_2_69}
}




%%%---------------------------------MISC/IMAGES/...-------------------------%%%





